@book{Design-DynDTs,
  title={The design of dynamic data structures},
  author={Overmars, Mark H},
  volume={156}, year={1983}, publisher={Springer Science \& Business Media}
}

@book{Intro-Algos,
  title={Introduction to algorithms},
  author={Thomas H. Cormen and Leiserson, Charles Eric and Rivest, Ronald L. and Stein, Clifford},
  year={2009}, publisher={MIT press}
}

@inproceedings{Lazy-Graph-Haskell,
  title={Lazy graph processing in Haskell},
  author={Dexter, Philip and Liu, Yu David and Chiu, Kenneth},
  booktitle={Proceedings of the 9th International Symposium on Haskell},
  pages={182--192}, year={2016}, organization={ACM}
}

@article{DS-DynTs,
  title={A data structure for dynamic trees},
  author={Sleator, Daniel D and Tarjan, Robert Endre},
  journal={Journal of computer and system sciences}, volume={26}, number={3},
  pages={362--391}, year={1983}, publisher={Elsevier}
}

@book{LittleBook,
  title={Data structures and network algorithms},
  author={Tarjan, Robert Endre}, volume={44},
  year={1983}, publisher={Siam}
}

@article{DynTs-Practice,
  title={Dynamic trees in practice},
  author={Tarjan, Robert E and Werneck, Renato F},
  journal={Journal of Experimental Algorithmics (JEA)}, volume={14},
  pages={5}, year={2009}, publisher={ACM}
}

@article{FTs,
  title={Finger trees: a simple general-purpose data structure},
  author={Hinze, Ralf and Paterson, Ross},
  journal={Journal of Functional Programming}, volume={16},
  number={02}, pages={197--217}, year={2006}, publisher={Cambridge Univ Press}
}

@book{PurelyFun-DSs,
  title     = {Purely functional data structures},
  author    = {Okasaki, Chris},
  year      = {1999}, publisher = {Cambridge University Press}
}

@phdthesis{OkasakiC-PhD,
  title   = {Purely Functional Data Structures}, 
  author  = {Chris Okasaki},
  year    = {1996},
  school  = {Carnegie Mellon University}
}

@inproceedings{Fun-RandAcc-Lists,
  title={Purely functional random-access lists},
  author={Okasaki, Chris},
  booktitle={Proceedings of the seventh international conference on Functional programming languages and computer architecture},
  pages={86--95}, year={1995}, organization={ACM}
}

@article{WhyFP,
  title={Why functional programming matters},
  author={Hughes, John},
  journal={The computer journal},  volume={32},
  number={2},  pages={98--107},  year={1989},  publisher={Br Computer Soc}
}

@article{Why-FP2,
  title={How functional programming mattered},
  author={Hu, Zhenjiang and Hughes, John and Wang, Meng},
  journal={National Science Review}, volume={2}, number={3},
  pages={349--370}, year={2015}, publisher={Oxford University Press}
}

@book{COM2001,
  title ={COM2001: Advanced Programming Topics A Practical Guide using Haskell and Java},
  author={Mike Stannett},
  year={2013}, publisher={Department of Computer Science, The University of Sheffield}
}

@phdthesis{WerneckR-PhD,
 author     = {Renato F. Werneck},
 title      = {Design and Analysis of Data Structures for Dynamic Trees},
 year       = {2006}, school = {Princeton University}
}

@phdthesis{KingD-PhD,
 author     = {David J. King},
 title      = {Functional Programming and Graph Algorithms},
 year       = {1996}, school = {University of Glasgow}
}

@phdthesis{DemetrescuC-PhD,
 author     = {Camil Demetrescu},
 title      = {Fully Dynamic Algorithms for Path Problems on Directed Graphs},
 year       = {2001}, school = {Universit\`{a} degli Studi di Roma ``La Sapienza"}
}

@inproceedings{FP-StruGs,
  title={Functional programming with structured graphs},
  author={Oliveira, Bruno CdS and Cook, William R},
  booktitle={ACM SIGPLAN Notices}, volume={47}, 
  pages={77--88}, year={2012}, organization={ACM}
}

@article{Comp-Complex,
  title={Computers and intractability: a guide to the theory of NP-completeness},
  author={Michael, R Garey and David, S Johnson},
  journal={WH Free. Co., San Fr},
  year={1979}
}

@article{SelfAdj-BST,
  title={Self-adjusting binary search trees},
  author={Sleator, Daniel Dominic and Tarjan, Robert Endre},
  journal={Journal of the ACM (JACM)}, volume={32}, number={3}, 
  pages={652--686}, year={1985}, publisher={ACM}
}

@inproceedings{Exp-DisjointSets,
  title={Experiments on union-find algorithms for the disjoint-set data structure},
  author={Patwary, Md Mostofa Ali and Blair, Jean and Manne, Fredrik},
  booktitle={International Symposium on Experimental Algorithms},
  pages={411--423},
  year={2010},
  organization={Springer}
}

@article{Perf-BSTs,
  title={Performance analysis of BSTs in system software},
  author={Pfaff, Ben},
  journal={ACM SIGMETRICS Performance Evaluation Review},
  volume={32}, number={1}, pages={410--411}, year={2004}, publisher={ACM}
}

@article{Empi-Stu-DynG-Algos,
  title={An empirical study of dynamic graph algorithms},
  author={Alberts, David and Cattaneo, Giuseppe and Italiano, Giuseppe F},
  journal={Journal of Experimental Algorithmics (JEA)}, volume={2},
  pages={5}, year={1997}, publisher={ACM}
}

@incollection{Impl-Exper-DynG-algos,
  title={Implementations and experimental studies of dynamic graph algorithms},
  author={Zaroliagis, Christos D},
  booktitle={Experimental algorithmics},
  pages={229--278}, year={2002}, publisher={Springer}
}

@article{Exp-An-Dyn-APSP-Algos,
 author = {Demetrescu, Camil and Italiano, Giuseppe F.},
 title = {Experimental Analysis of Dynamic All Pairs Shortest Path Algorithms},
 journal = {ACM Trans. Algorithms}, issue_date = {October 2006}, volume = {2},
 number = {4}, month = oct, year = {2006}, issn = {1549-6325}, pages = {578--601},
 numpages = {24}, url = {http://doi.acm.org/10.1145/1198513.1198519},
 doi = {10.1145/1198513.1198519}, acmid = {1198519}, publisher = {ACM},
 address = {New York, NY, USA}, keywords = {Dynamic graph algorithms, experimental algorithmics, shortest paths}
}

@inproceedings{Path-Clean-H-Dyn-APSP,
 author = {Demetrescu, C. and Faruolo, P. and Italiano, G. F. and Thorup, M.},
 title = {Does Path Cleaning Help in Dynamic All-pairs Shortest Paths?},
 booktitle = {Proceedings of the 14th Conference on Annual European Symposium - Volume 14},
 series = {ESA'06}, year = {2006}, isbn = {3-540-38875-3}, location = {Zurich, Switzerland},
 pages = {732--743}, numpages = {12}, url = {http://dx.doi.org/10.1007/11841036_65},
 doi = {10.1007/11841036_65}, acmid = {1276256}, publisher = {Springer-Verlag}, address = {London, UK, UK}
}

@article{Ful-Dyn-APSP-Real-Ed-Wgts,
 author = {Demetrescu, Camil and Italiano, Giuseppe F.},
 title = {Fully Dynamic All Pairs Shortest Paths with Real Edge Weights},
 journal = {J. Comput. Syst. Sci.}, issue_date = {August 2006}, volume = {72},
 number = {5}, month = aug, year = {2006}, issn = {0022-0000}, pages = {813--837},
 numpages = {25}, url = {http://dx.doi.org/10.1016/j.jcss.2005.05.005},
 doi = {10.1016/j.jcss.2005.05.005}, acmid = {1150654}, publisher = {Academic Press, Inc.},
 address = {Orlando, FL, USA}, keywords = {dynamic graph algorithms, shortest paths}
}

@article{Ful-Dyn-TransCl-DAGs,
 author = {Demetrescu, Camil and Italiano, Giuseppe F.},
 title = {Trade-offs for Fully Dynamic Transitive Closure on DAGs: Breaking Through the $O(n^2)$ Barrier},
 journal = {J. ACM}, issue_date = {March 2005}, volume = {52}, number = {2},
 month = mar, year = {2005}, issn = {0004-5411}, pages = {147--156}, numpages = {10},
 url = {http://doi.acm.org/10.1145/1059513.1059514}, doi = {10.1145/1059513.1059514}, acmid = {1059514}, 
 publisher = {ACM}, address = {New York, NY, USA}, keywords = {Dynamic graph algorithms, transitive closure}
}

@inproceedings{Ful-Dyn-Algo-TransCl,
  title={A fully dynamic algorithm for maintaining the transitive closure},
  author={King, Valerie and Sagert, Garry},
  booktitle={Proceedings of the thirty-first annual ACM symposium on Theory of computing},
  pages={492--498},
  year={1999},
  organization={ACM}
}

@article{Maint-DynM-Ful-Dyn-TransCl,
 author = {Demetrescu, Camil and Italiano, Giuseppe F.},
 title = {Mantaining Dynamic Matrices for Fully Dynamic Transitive Closure},
 journal = {Algorithmica}, issue_date = {May 2008}, volume = {51}, number = {4},
 month = may, year = {2008}, issn = {0178-4617}, pages = {387--427}, numpages = {41},
 url = {http://dx.doi.org/10.1007/s00453-007-9051-4}, doi = {10.1007/s00453-007-9051-4},
 acmid = {1389899}, publisher = {Springer-Verlag New York, Inc.}, address = {Secaucus, NJ, USA},
 keywords = {Dynamic graph algorithms, Transitive closure}
}

@article{Algo-Tec-Maint-SR-DynN,
 author = {Demetrescu, Camil and Italiano, Giuseppe F.},
 title = {Algorithmic Techniques for Maintaining Shortest Routes in Dynamic Networks},
 journal = {Electron. Notes Theor. Comput. Sci.}, issue_date = {April, 2007}, volume = {171},
 number = {1}, month = apr, year = {2007}, issn = {1571-0661}, pages = {3--15}, numpages = {13},
 url = {http://dx.doi.org/10.1016/j.entcs.2006.11.006}, doi = {10.1016/j.entcs.2006.11.006},
 acmid = {1235915}, publisher = {Elsevier Science Publishers B. V.}, address = {Amsterdam, The Netherlands},
 keywords = {Dynamic networks, dynamic graph problems, dynamic shortest paths},
}

@inproceedings{JIT-DSs,
  title={Just-In-Time Data Structures.},
  author={Kennedy, Oliver and Ziarek, Lukasz},
  booktitle={CIDR}, year={2015}, organization={Citeseer}
}

@article{Par-Biconn-Algo,
  title={An efficient parallel biconnectivity algorithm},
  author={Tarjan, Robert E and Vishkin, Uzi},
  journal={SIAM Journal on Computing},
  volume={14},
  number={4},
  pages={862--874},
  year={1985},
  publisher={SIAM}
}

@article{DSs-Online-Upd-MSTs,
  title={Data structures for on-line updating of minimum spanning trees, with applications},
  author={Frederickson, Greg N},
  journal={SIAM Journal on Computing}, volume={14}, number={4},
  pages={781--798}, year={1985}, publisher={SIAM}
}

@article{Maint-Full-DynT-TopTs,
  title={Maintaining information in fully dynamic trees with top trees},
  author={Alstrup, Stephen and Holm, Jacob and Lichtenberg, Kristian De and Thorup, Mikkel},
  journal={Acm Transactions on Algorithms (talg)}, volume={1},  number={2},
  pages={243--264}, year={2005}, publisher={ACM}
}

@inproceedings{DynAlgos-Apps-DynTs,
  title={Dynamizing static algorithms, with applications to dynamic trees and history independence},
  author={Acar, Umut A and Blelloch, Guy E and Harper, Robert and Vittes, Jorge L and Woo, Shan Leung Maverick},
  booktitle={Proceedings of the fifteenth annual ACM-SIAM symposium on Discrete algorithms},
  pages={531--540}, year={2004}, organization={Society for Industrial and Applied Mathematics}
}

@inproceedings{Amb-DSs-DynTs,
  title={Ambivalent Data Structures for Dynamic 2-edge-connectivity and k smallest spanning trees},
  author={Frederickson, Greg N},
  booktitle={Foundations of Computer Science, 1991. Proceedings., 32nd Annual Symposium on},
  pages={632--641},  year={1991},  organization={IEEE}
}

@article{DynTs-BSTs-ETs,
  title={Dynamic trees as search trees via euler tours, applied to the network simplex algorithm},
  author={Tarjan, Robert E},
  journal={Mathematical Programming}, volume={78}, number={2},
  pages={169--177}, year={1997}, publisher={Springer}
}

@phdthesis{Fast-Algos-CombOpt,
  title={Faster algorithms for convex and combinatorial optimization},
  author={Lee, Yin Tat},
  year={2016},
  school={Massachusetts Institute of Technology}
}

@book{DynG-Algos,
  title={Dynamic graph algorithms},
  author={Eppstein, David and Galil, Zvi and Italiano, Giuseppe F},
  year={1998},
  publisher={Citeseer}
}

@inproceedings{Simp-Mergeable-Dic,
  title={A Simple Mergeable Dictionary},
  author={Karczmarz, Adam},
  booktitle={LIPIcs-Leibniz International Proceedings in Informatics},
  volume={53},
  year={2016},
  organization={Schloss Dagstuhl-Leibniz-Zentrum fuer Informatik}
}

@book{PearlsFP,
  title={Pearls of functional algorithm design},
  author={Bird, Richard},
  year={2010},
  publisher={Cambridge University Press}
}

@inproceedings{Fun-CatenableLists,
  title={Purely functional representations of catenable sorted lists},
  author={Kaplan, Haim and Tarjan, Robert E},
  booktitle={Proceedings of the twenty-eighth annual ACM symposium on Theory of computing},
  pages={202--211},
  year={1996},
  organization={ACM}
}

@inproceedings{DSs-ConflPersist,
  title={Making data structures confluently persistent},
  author={Fiat, Amos and Kaplan, Haim},
  booktitle={Proceedings of the twelfth annual ACM-SIAM symposium on Discrete algorithms},
  pages={537--546}, year={2001}, organization={Society for Industrial and Applied Mathematics}
}

@inproceedings{Lazy-Fun-StateThr,
  title={Lazy functional state threads},
  author={Launchbury, John and Peyton Jones, Simon L},
  booktitle={ACM SIGPLAN Notices}, pages={24--35}, year={1994}, organization={ACM}
}


@inproceedings{Persist-UnionFind-DS,
  title={A persistent union-find data structure},
  author={Conchon, Sylvain and Filli{\^a}tre, Jean-Christophe},
  booktitle={Proceedings of the 2007 workshop on Workshop on ML},
  pages={37--46},
  year={2007},
  organization={ACM}
}

@article{RDF-Ind-Triple-Gs,
  title={Inductive representations of RDF graphs},
  author={Gayo, Jose Emilio Labra and Jeuring, Johan and Rodr{\'\i}guez, Jose Mar{\'\i}a {\'A}lvarez},
  journal={Science of Computer Programming},  volume={95},  pages={135--146},
  year={2014}, publisher={Elsevier}
}

@article{Ind-Gs,
  title={Inductive graphs and functional graph algorithms},
  author={Erwig, Martin},
  journal={Journal of Functional Programming},  volume={11},  number={05},
  pages={467--492},  year={2001},  publisher={Cambridge Univ Press}
}


@inproceedings{Lazy-Gproc-Haskell,
  title={Lazy graph processing in Haskell},
  author={Dexter, Philip and Liu, Yu David and Chiu, Kenneth},
  booktitle={Proceedings of the 9th International Symposium on Haskell},
  pages={182--192},  year={2016},  organization={ACM}
}

@incollection{Ind-Trip-Gs,
  title={Inductive Triple Graphs: A purely functional approach to represent RDF},
  author={Gayo, Jose Emilio Labra and Jeuring, Johan and Rodr{\'\i}guez, Jose Mar{\'\i}a {\'A}lvarez},
  booktitle={Graph Structures for Knowledge Representation and Reasoning},
  pages={92--110},  year={2014},  publisher={Springer}
}

@INPROCEEDINGS{Haskell-Green,
author={L. G. Lima and F. Soares-Neto and P. Lieuthier and F. Castor and G. Melfe and J. P. Fernandes},
booktitle={2016 IEEE 23rd International Conference on Software Analysis, Evolution, and Reengineering (SANER)}, 
title={Haskell in Green Land: Analyzing the Energy Behavior of a Purely Functional Language}, 
year={2016},volume={1},pages={517-528},doi={10.1109/SANER.2016.85},month={March}
}

@inproceedings{Guibas,
  title={A new representation for linear lists},
  author={Guibas, Leo J and McCreight, Edward M and Plass, Michael F and Roberts, Janet R},
  booktitle={Proceedings of the ninth annual ACM symposium on Theory of computing},
  pages={49--60},  year={1977},  organization={ACM}
}

@book{Haskell,
  title={Haskell 98 language and libraries: the revised report},
  author={Jones, Simon Peyton}, year={2003}, publisher={Cambridge University Press}
}

@article{AVL,
  title={Balanced binary search trees},
  author={Andersson, Arne and Fagerberg, Rolf and Larsen, Kim S},
  journal={Handbook of Data Structures and Applications, Chapman \& Hall/CRC Computer \& Information Science Series},  pages={10--1},  year={2004}
}

@article{DynTs,
  title={Dynamic Trees},
  author={Demetrescu, Camil and Finocchi, Irene and Italiano, Giuseppe},
  journal={Handbook of Data Structures and Applications, Chapman \& Hall/CRC Computer \& Information Science Series},  pages={35--1},  year={2004}
}

@article{DynGs,
  title={Dynamic Graphs},
  author={Demetrescu, Camil and Finocchi, Irene and Italiano, Giuseppe},
  journal={Handbook of Data Structures and Applications, Chapman \& Hall/CRC Computer \& Information Science Series},  pages={36--1},  year={2004}
}

@inproceedings{Red-blackTs,
  title={A dichromatic framework for balanced trees},
  author={Guibas, Leo J and Sedgewick, Robert},
  booktitle={Foundations of Computer Science, 1978., 19th Annual Symposium on},
  pages={8--21},  year={1978},  organization={IEEE}
}

@incollection{B-Ts,
  title={Organization and maintenance of large ordered indexes},
  author={Bayer, Rudolf and McCreight, Edward},
  booktitle={Software pioneers}, pages={245--262}, year={2002}, publisher={Springer}
}

@article{Kruskal,
  title={On the shortest spanning subtree of a graph and the traveling salesman problem},
  author={Kruskal, Joseph B},
  journal={Proceedings of the American Mathematical society},
  volume={7}, number={1},  pages={48--50},  year={1956},  publisher={JSTOR}
}

@article{Rand-DynGs-Algos,
  title={Randomized fully dynamic graph algorithms with polylogarithmic time per operation},
  author={Henzinger, Monika R and King, Valerie},
  journal={Journal of the ACM (JACM)},
  volume={46},
  number={4},
  pages={502--516},
  year={1999},
  publisher={ACM}
}

@article{DinicAlgo,
  title={Algorithm for solution of a problem of maximum flow in a network with power estimation},
  author={Dinic, EA},
  volume={11},
  number={5},  
  journal={English translation by RF. Rinehart},
  year={1970},
  pages={1277--1280},
  publisher={Soviet Math. Dokl.}  
}

@techreport{ParallelContraction,
  title={Parallel Tree Contraction and Its Application.},
  author={Miller, Gary L and Reif, John H},
  year={1985},
  institution={DTIC Document}
}

@inproceedings{Comp-Study-PLs,
  title={A comparative study of programming languages in Rosetta Code},
  author={Nanz, Sebastian and Furia, Carlo A},
  booktitle={Proceedings of the 37th International Conference on Software Engineering-Volume 1},
  pages={778--788},
  year={2015},
  organization={IEEE Press}
}

@article{Red-black-FP,
  title={Red-black trees in a functional setting},
  author={Okasaki, Chris},
  journal={Journal of functional programming},
  volume={9},
  number={04},
  pages={471--477},
  year={1999},
  publisher={Cambridge Univ Press}
}

@article{Strongly-Conn-Compo-Algo,
  title={Depth-first search and linear graph algorithms},
  author={Tarjan, Robert},
  journal={SIAM journal on computing}, volume={1}, number={2}, 
  pages={146--160},  year={1972},  publisher={SIAM}
}

@article{GraphTh-CS,
  title={Applications of graph theory in computer science an overview},
  author={Shirinivas, SG and Vetrivel, S and Elango, NM},
  journal={International Journal of Engineering Science and Technology},
  volume={2},
  number={9},
  pages={4610--4621},
  year={2010}
}

@inproceedings{Constru-RedBTs,
  title={Constructing red-black trees},
  author={Hinze, Ralf and others},
  booktitle={Proceedings of the Workshop on Algorithmic Aspects of Advanced Programming Languages, WAAAPL},
  volume={99},
  pages={89--99},
  year={1999}
} 

@inproceedings{LazyDFS-GraphAlgos-H,
  title={Lazy depth-first search and linear graph algorithms in haskell},
  author={King, David J and Launchbury, John},
  booktitle={Glasgow Workshop on Functional Programming},
  pages={145--155},
  year={1994}
} 

@article{RAZ,
  title={The Random Access Zipper: Simple, Purely-Functional Sequences},
  author={Headley, Kyle and Hammer, Matthew A},
  journal={arXiv preprint arXiv:1608.06009},
  year={2016}
} 

@article{KnuthTs,
  title={Representing graphs by Knuth trees},
  author={Pfaltz, John L},
  journal={Journal of the ACM (JACM)},
  volume={22},
  number={3},
  pages={361--366},
  year={1975},
  publisher={ACM}
} 

@inproceedings{DynamizingAlgos,
  title={Dynamizing static algorithms, with applications to dynamic trees and history independence},
  author={Acar, Umut A and Blelloch, Guy E and Harper, Robert and Vittes, Jorge L and Woo, Shan Leung Maverick},
  booktitle={Proceedings of the fifteenth annual ACM-SIAM symposium on Discrete algorithms},
  pages={531--540},
  year={2004},
  organization={Society for Industrial and Applied Mathematics}
}

@article{CVS-Demaine,
  title={Confluently persistent tries for efficient version control},
  author={Demaine, Erik and Langerman, Stefan and Price, Eric},
  journal={Algorithm Theory--SWAT 2008},
  pages={160--172},
  year={2008},
  publisher={Springer}
} 

@article{Monoids,
  title={Monoids: theme and variations (functional pearl)},
  author={Yorgey, Brent A},
  journal={ACM SIGPLAN Notices},
  volume={47},
  number={12},
  pages={105--116},
  year={2012},
  organization={ACM}
} 


@article{ParallelSets,
  title={Parallel ordered sets using join},
  author={Blelloch, Guy and Ferizovic, Daniel and Sun, Yihan},
  journal={arXiv preprint arXiv:1602.02120},
  year={2016}
} 

@misc{HaskellMonoid,
  author = {Andy Gill},
  title = {{Monoid}},
  howpublished = "\url{https://hackage.haskell.org/package/base-4.10.0.0/docs/Data-Monoid.html}",
  year = {2001}, 
  note = "[Online; accessed 02-Dec-2017]"
}

@misc{HaskellSet,
  author = {Daan Leijen},
  title = {\texttt{Data.Set}},
  howpublished = "\url{https://hackage.haskell.org/package/containers-0.5.10.2/docs/Data-Set.html}",
  year = {2002}, 
  note = "[Online; accessed 22-Nov-2018]"
}

@misc{HaskellFT,
  author = {Hinze, Ralf and Paterson, Ross},
  title = {{Finger tree}},
  howpublished = "\url{http://hackage.haskell.org/package/fingertree}",
  year = {2006}, 
  note = "[Online; accessed 02-Dec-2017]"
}


@article{DynTsETs,
  title={Dynamic trees as search trees via euler tours, applied to the network simplex algorithm},
  author={Tarjan, Robert E},
  journal={Mathematical Programming},
  volume={78},
  number={2},
  pages={169--177},
  year={1997},
  publisher={Springer}
}


@misc{FTsURL,
  author = {Hinze, Ralf and Paterson, Ross},
  title = {\texttt{Data.FingerTree}},
  howpublished = "\url{http://hackage.haskell.org/package/fingertree-0.1.4.1/docs/Data-FingerTree.html#g:4}",
  year = {2010}, 
  note = "[Online; accessed 22-November-2018]"
}
